<?xml version="1.0" encoding="UTF-8"?><record xmlns="http://www.loc.gov/MARC21/slim" xmlns:cinclude="http://apache.org/cocoon/include/1.0" xmlns:zs="http://www.loc.gov/zing/srw/">
  <leader>00330nz  a2200121n  4500</leader>
  <controlfield tag="001">n  92062298 </controlfield>
  <controlfield tag="003">DLC</controlfield>
  <controlfield tag="005">19920612141254.7</controlfield>
  <controlfield tag="008">920611n| acannaab|          |n aaa ||| c</controlfield>
  <datafield tag="010" ind1=" " ind2=" ">
    <subfield code="a">n  92062298 </subfield>
  </datafield>
  <datafield tag="040" ind1=" " ind2=" ">
    <subfield code="a">ICU</subfield>
    <subfield code="c">ICU</subfield>
  </datafield>
  <datafield tag="100" ind1="1" ind2="0">
    <subfield code="a">Boltina, V. D.</subfield>
  </datafield>
  <datafield tag="670" ind1=" " ind2=" ">
    <subfield code="a">Gos. arkhiv PavlodarskoiĚ obl. i ego filialy, 1991:</subfield>
    <subfield code="b">verso t.p. (V.D. Boltina)</subfield>
  </datafield>
</record>